<collection xmlns="http://www.loc.gov/MARC21/slim">
<record>
  <leader>01011nam0a22002171i 450 </leader>
  <controlfield tag="001">IT\ICCU\CNCE\068689</controlfield>
  <controlfield tag="005">20110316000000.0</controlfield>
  <datafield tag="012" ind1=" " ind2=" ">
    <subfield code="a">e-i. rato soe- one&apos; (C) 1596 (Q)</subfield>
    <subfield code="2">fei</subfield>
  </datafield>
  <datafield tag="100" ind1=" " ind2=" ">
    <subfield code="a">20061027f1596        0itac0103    ba</subfield>
  </datafield>
  <datafield tag="101" ind1=" " ind2=" ">
    <subfield code="a">ITA</subfield>
  </datafield>
  <datafield tag="102" ind1=" " ind2=" ">
    <subfield code="a">IT</subfield>
  </datafield>
  <datafield tag="200" ind1="1" ind2=" ">
    <subfield code="a">Parti prese nell&apos;eccellentiss. Conseglio di Pregadi. Adi 29. zugno 1596. &amp; altri tempi. In materia de scontri, quadernieri, rasonati, pontadori, &amp; sostituti</subfield>
  </datafield>
  <datafield tag="210" ind1=" " ind2=" ">
    <subfield code="a">\Venezia!</subfield>
    <subfield code="c">stampata per Antonio Pinelli Stampator Ducale</subfield>
    <subfield code="d">\1596?!</subfield>
  </datafield>
  <datafield tag="215" ind1=" " ind2=" ">
    <subfield code="a">\4! c.</subfield>
    <subfield code="d">4ʻ</subfield>
  </datafield>
  <datafield tag="300" ind1=" " ind2=" ">
    <subfield code="a">La data si ricava dal titolo.Eliminata perch ̈Pinelli Antonio fu attivo dal 1600, ed  ̈molto improbabile che l&apos;edizione fosse del 1600</subfield>
  </datafield>
  <datafield tag="620" ind1=" " ind2=" ">
    <subfield code="a">IT</subfield>
    <subfield code="d">Venezia</subfield>
  </datafield>
  <datafield tag="712" ind1="0" ind2="0">
    <subfield code="a">Pinelli, Antonio</subfield>
    <subfield code="3">IT\ICCU\CNCT\001999</subfield>
    <subfield code="4">650</subfield>
  </datafield>
  <datafield tag="791" ind1="0" ind2="0">
    <subfield code="a">Pinelli, Giovanni Antonio</subfield>
    <subfield code="3">IT\ICCU\CNCT\002275</subfield>
    <subfield code="z">Pinelli, Antonio</subfield>
  </datafield>
  <datafield tag="791" ind1="0" ind2="0">
    <subfield code="a">Pinelos, Ioannes Antonios</subfield>
    <subfield code="3">IT\ICCU\CNCT\005429</subfield>
    <subfield code="z">Pinelli, Antonio</subfield>
  </datafield>
  <datafield tag="801" ind1=" " ind2="3">
    <subfield code="a">IT</subfield>
    <subfield code="b">ICCU</subfield>
    <subfield code="c">20201115</subfield>
  </datafield>
  <datafield tag="899" ind1=" " ind2=" ">
    <subfield code="a">Biblioteca Casanatense. Roma</subfield>
    <subfield code="1">RM0313</subfield>
    <subfield code="2">RML 07</subfield>
  </datafield>
</record>
</collection>
